<record xmlns="http://www.loc.gov/MARC21/slim" xmlns:xsi="http://www.w3.org/2001/XMLSchema-instance" xsi:schemaLocation="http://www.loc.gov/MARC21/slim http://www.loc.gov/standards/marcxml/schema/MARC21slim.xsd"><leader>02348nam a2200433   4500</leader><controlfield tag="001">001680960</controlfield><controlfield tag="003">NNU</controlfield><controlfield tag="006">m        d        </controlfield><controlfield tag="007">cr cn |||m|||a</controlfield><controlfield tag="008">150223m19569999ir      o     000 m ara d</controlfield><datafield ind1=" " ind2=" " tag="040"><subfield code="a">NNU</subfield><subfield code="b">eng</subfield><subfield code="e">rda</subfield><subfield code="c">NNU</subfield></datafield><datafield ind1="0" ind2="0" tag="050"><subfield code="a">PJ7601</subfield><subfield code="b">.M84 1956</subfield></datafield><datafield ind1="1" ind2=" " tag="100"><subfield code="6">880-01</subfield><subfield code="a">Muh&#803;ammadi&#772; Mala&#772;yiri&#772;, Muh&#803;ammad.</subfield></datafield><datafield ind1="1" ind2="0" tag="245"><subfield code="6">880-02</subfield><subfield code="a">Duru&#772;s fi&#772; a&#772;da&#772;b al-lughah al-&#699;Arabi&#772;yah wa-ta&#772;ri&#772;khiha&#772; /</subfield><subfield code="c">Muh&#803;ammad Muh&#803;ammadi&#772;.</subfield></datafield><datafield ind1="3" ind2="0" tag="246"><subfield code="6">880-03</subfield><subfield code="a">A&#772;da&#772;b al-lughah al-&#699;Arabi&#772;yah wa-ta&#772;ri&#772;khuha&#772;</subfield></datafield><datafield ind1=" " ind2=" " tag="260"><subfield code="6">880-04</subfield><subfield code="a">T&#803;ihra&#772;n :</subfield><subfield code="b">Mat&#803;ba&#699;at al-Ja&#772;mi&#699;ah,</subfield><subfield code="c">1335- [1956 or 1957-]</subfield></datafield><datafield ind1=" " ind2=" " tag="300"><subfield code="a">online resource (volumes &lt;1&gt;)</subfield></datafield><datafield ind1=" " ind2=" " tag="336"><subfield code="a">text</subfield><subfield code="2">rdacontent</subfield></datafield><datafield ind1=" " ind2=" " tag="337"><subfield code="a">computer</subfield><subfield code="2">rdamedia</subfield></datafield><datafield ind1=" " ind2=" " tag="338"><subfield code="a">online resource</subfield><subfield code="2">rdacarrier</subfield></datafield><datafield ind1="1" ind2=" " tag="490"><subfield code="6">880-05</subfield><subfield code="a">Intisha&#772;ra&#772;t-i Da&#772;nishga&#772;h-i Tihra&#772;n ;</subfield><subfield code="v">340</subfield></datafield><datafield ind1=" " ind2=" " tag="500"><subfield code="a">Part of the Arabic Collections Online (ACO) project, contributed by New York Univeristy Libraries.</subfield></datafield><datafield ind1="1" ind2=" " tag="505"><subfield code="a">Al-juz&#700; 1. Min Imri&#772;&#700; al-Qays ila&#769; &#699;Abd al-H&#803;ami&#772;d al-Ka&#772;tib.</subfield></datafield><datafield ind1=" " ind2=" " tag="533"><subfield code="a">Electronic reproduction.</subfield><subfield code="b">New York, N.Y. :</subfield><subfield code="c">New York University,</subfield><subfield code="d">2015.</subfield><subfield code="5">NNU</subfield></datafield><datafield ind1=" " ind2="0" tag="650"><subfield code="a">Arabic literature.</subfield></datafield><datafield ind1=" " ind2="7" tag="650"><subfield code="a">Arabic literature.</subfield><subfield code="2">fast</subfield><subfield code="0">(OCoLC)fst00812478</subfield></datafield><datafield ind1="2" ind2=" " tag="710"><subfield code="a">New York University.</subfield><subfield code="b">Libraries.</subfield></datafield><datafield ind1="0" ind2=" " tag="730"><subfield code="a">Arabic Collections Online.</subfield></datafield><datafield ind1="0" ind2="8" tag="776"><subfield code="i">Online version:</subfield><subfield code="a">Muh&#803;ammadi&#772;, Muh&#803;ammad.</subfield><subfield code="t">Duru&#772;s fi&#772; a&#772;da&#772;b al-lughah al-&#699;Arabi&#772;yah wa-ta&#772;ri&#772;khiha&#772;.</subfield><subfield code="d">T&#803;ihra&#772;n : Mat&#803;ba&#699;at al-Ja&#772;mi&#699;ah, 1335- [1956 or 1957-]</subfield><subfield code="w">(OCoLC)560866087</subfield></datafield><datafield ind1="0" ind2="8" tag="776"><subfield code="i">Print version:</subfield><subfield code="a">Muh&#803;ammadi&#772; Mala&#772;yiri&#772;, Muh&#803;ammad.</subfield><subfield code="t">Duru&#772;s fi&#772; a&#772;da&#772;b al-lughah al-&#699;Arabi&#772;yah wa-ta&#772;ri&#772;khiha&#772;</subfield><subfield code="w">(NNU)001680960</subfield><subfield code="w">(DLC)  2007550019</subfield></datafield><datafield ind1="4" ind2="0" tag="856"><subfield code="u">http://hdl.handle.net/2333.1/c866t3sp</subfield></datafield><datafield ind1="1" ind2=" " tag="880"><subfield code="6">100-01/</subfield><subfield code="a">&#1605;&#1581;&#1605;&#1583;&#1609; &#1605;&#1604;&#1575;&#1610;&#1585;&#1609;&#1548; &#1605;&#1581;&#1605;&#1583;.</subfield></datafield><datafield ind1="1" ind2="0" tag="880"><subfield code="6">245-02/</subfield><subfield code="a">&#1583;&#1585;&#1608;&#1587; &#1601;&#1610; &#1571;&#1583;&#1576; &#1575;&#1604;&#1604;&#1594;&#1577; &#1575;&#1604;&#1593;&#1585;&#1576;&#1610;&#1577; &#1608;&#1578;&#1575;&#1585;&#1610;&#1582;&#1607;&#1575; /</subfield><subfield code="c">&#1605;&#1581;&#1605;&#1583; &#1605;&#1581;&#1605;&#1583;&#1610;.</subfield></datafield><datafield ind1="3" ind2="0" tag="880"><subfield code="6">246-03/</subfield><subfield code="a">&#1570;&#1583;&#1575;&#1576; &#1575;&#1604;&#1604;&#1594;&#1577; &#1575;&#1604;&#1593;&#1585;&#1576;&#1610;&#1577; &#1608;&#1578;&#1575;&#1585;&#1610;&#1582;&#1607;&#1575;</subfield></datafield><datafield ind1=" " ind2=" " tag="880"><subfield code="6">260-04/</subfield><subfield code="a">&#1591;&#1607;&#1585;&#1575;&#1606; :</subfield><subfield code="b">&#1605;&#1591;&#1576;&#1593;&#1577; &#1575;&#1604;&#1580;&#1575;&#1605;&#1593;&#1577;&#1548;</subfield><subfield code="c">1335- [1956 or 1957-].</subfield></datafield><datafield ind1="1" ind2=" " tag="880"><subfield code="6">490-05/</subfield><subfield code="a">&#1575;&#1606;&#1578;&#1588;&#1575;&#1585;&#1575;&#1578; &#1583;&#1575;&#1606;&#1588;&#1711;&#1575;&#1607; &#1578;&#1607;&#1585;&#1575;&#1606; &#1563;</subfield><subfield code="v">340</subfield></datafield><datafield ind1=" " ind2="0" tag="830"><subfield code="a">Publications de l'Universit&#233; de Tehran ;</subfield><subfield code="v">340.</subfield></datafield><datafield ind1=" " ind2=" " tag="959"><subfield code="a">NNU</subfield><subfield code="b">WEB</subfield><subfield code="c">GENI</subfield><subfield code="t">0</subfield><subfield code="m">Electronic access</subfield><subfield code="s">01</subfield></datafield><datafield ind1=" " ind2=" " tag="999"><subfield code="i">NNU_001680960</subfield><subfield code="s">nyu_aco000004:v.1</subfield><subfield code="e">(ERROR-880)</subfield></datafield></record>